03300000        2014277429000135340200005633508                         ES ADMINISTRACAO DE IMOVEIS LTBANCO SANTANDER                         128032019      002327040                                                                          
03300011R01  030 2014277429000135                    340200005633508     ES ADMINISTRACAO DE IMOVEIS LT                                                                                0000000028032019                                         
0330001300001P 013402901300051630130005163  0000000103209512  10458          1504201900000000005060000000 04N28032019115042019000000000000016000000000000000000000000000000000000000000000000000000                         000101500           
0330001300002Q 012027426950000139STRONGER SANTA LUZIA EIRELI             AVENIDA 22 DE MAIO  4845 LOJA 01        RIO VARZEA     24812086ITABORAI       RJ0000000000000000                                        000000000000                   
0330001300003R 01000000000000000000000000                        215042019000000000001000                                                                                                                                                       
0330001300004S 011014APOS 7 DIAS DO VENCIMENTO SUJEITO A PROTESTO                                                                                                                                                                               
0330001300005S 011024APOS O VENCIMENTO SERA COBRADO MULTA DE 10% E JUROS DE 1% A M                                                                                                                                                              
0330001300006S 011034APOS O VENCIMENTO SOMENTE NA REDE BANCARIA                                                                                                                                                                                 
0330001300007S 011044NAO RECEBER 30 (TRINTA) DIAS APOS O VENCIMENTO                                                                                                                                                                             
0330001300008S 011054APOS  EXPIRADO O PRAZO DO BOLETO  SOMENTE NA IMOBILIARIA                                                                                                                                                                   
03300015         000010                                                                                                                                                                                                                         
03399999         000001000012                                                                                                                                                                                                                   
