03300000        2014277429000135340200005633508                         ES ADMINISTRACAO DE IMOVEIS LTBANCO SANTANDER                         128052020      002508040                                                                          
03300011R01  030 2014277429000135                    340200005633508     ES ADMINISTRACAO DE IMOVEIS LT                                                                                0000000028052020                                         
0330001300001P 013402901300051630130005163  0000000113549512  10512          2805202000000000010236800000 04N28052020128052020000000000000033000000000000000000000000000000000000000000000000000000                         000101500           
0330001300002Q 011000021274713854BRUNO NUNES DE MORAES                   RUA JANUARIO CAFFARO  29 LOTE 29 CASA 03CENTRO         24800209ITABORAI       RJ0000000000000000                                        000000000000                   
0330001300003R 01000000000000000000000000                        228052020000000000001000                                                                                                                                                       
0330001300004S 011014APOS 7 DIAS DO VENCIMENTO SUJEITO A PROTESTO                                                                                                                                                                               
0330001300005S 011024APOS O VENCIMENTO SERA COBRADO MULTA DE 10% E JUROS DE 1% A M                                                                                                                                                              
0330001300006S 011034APOS O VENCIMENTO SOMENTE NA REDE BANCARIA                                                                                                                                                                                 
0330001300007S 011044NAO RECEBER 30 (TRINTA) DIAS APOS O VENCIMENTO                                                                                                                                                                             
0330001300008S 011054APOS  EXPIRADO O PRAZO DO BOLETO  SOMENTE NA IMOBILIARIA                                                                                                                                                                   
03300015         000010                                                                                                                                                                                                                         
03399999         000001000012                                                                                                                                                                                                                   
