03300000        2014277429000135340200005633508                         ES ADMINISTRACAO DE IMOVEIS LTBANCO SANTANDER                         111092018      002175040                                                                          
03300011R01  030 2014277429000135                    340200005633508     ES ADMINISTRACAO DE IMOVEIS LT                                                                                0000000011092018                                         
0330001300001P 013402901300051630130005163  0000000096857512  10426          1209201800000000016969200000 04N11092018112092018000000000000055000000000000000000000000000000000000000000000000000000                         000101500           
0330001300002Q 011000002230548794PATRICIA ALVES DE OLIVEIRA              RUA SAO FRANCISCO V CASA 38  S/N        MANILHA        24800000ITABORAI       RJ0000000000000000                                        000000000000                   
0330001300003R 01000000000000000000000000                        212092018000000000001000                                                                                                                                                       
0330001300004S 011014APOS 7 DIAS DO VENCIMENTO SUJEITO A PROTESTO                                                                                                                                                                               
0330001300005S 011024APOS O VENCIMENTO SERA COBRADO MULTA DE 10% E JUROS DE 1% A M                                                                                                                                                              
0330001300006S 011034APOS O VENCIMENTO SOMENTE NA REDE BANCARIA                                                                                                                                                                                 
0330001300007S 011044NAO RECEBER 30 (TRINTA) DIAS APOS O VENCIMENTO                                                                                                                                                                             
0330001300008S 011054APOS  EXPIRADO O PRAZO DO BOLETO  SOMENTE NA IMOBILIARIA                                                                                                                                                                   
03300015         000010                                                                                                                                                                                                                         
03399999         000001000012                                                                                                                                                                                                                   
