03300000        2014277429000135340200005633508                         ES ADMINISTRACAO DE IMOVEIS LTBANCO SANTANDER                         114032019      002313040                                                                          
03300011R01  030 2014277429000135                    340200005633508     ES ADMINISTRACAO DE IMOVEIS LT                                                                                0000000014032019                                         
0330001300001P 013402901300051630130005163  0000000102342512  10001          1403201900000000000100000000 04N14032019114032019000000000000000000000000000000000000000000000000000000000000000000000                         000101500           
0330001300002Q 011000009703394701ELISANGELA DE FIGUEIREDO GOULART SOARES RUA ACACIO C  SANTOS  CS02 LT18 QD05    CENTRO         24800000ITABORAI       RJ0000000000000000                                        000000000000                   
0330001300003R 01000000000000000000000000                        214032019000000000001000                                                                                                                                                       
0330001300004S 011014APOS 7 DIAS DO VENCIMENTO SUJEITO A PROTESTO                                                                                                                                                                               
0330001300005S 011024APOS O VENCIMENTO SERA COBRADO MULTA DE 10% E JUROS DE 1% A M                                                                                                                                                              
0330001300006S 011034APOS O VENCIMENTO SOMENTE NA REDE BANCARIA                                                                                                                                                                                 
0330001300007S 011044NAO RECEBER 30 (TRINTA) DIAS APOS O VENCIMENTO                                                                                                                                                                             
0330001300008S 011054APOS  EXPIRADO O PRAZO DO BOLETO  SOMENTE NA IMOBILIARIA                                                                                                                                                                   
03300015         000010                                                                                                                                                                                                                         
03399999         000001000012                                                                                                                                                                                                                   
